@book{adams1995hitchhiker,
  title={The Hitchhiker's Guide to the Galaxy},
  author={Adams, D.},
  isbn={9781417642595},
  url={http://books.google.com/books?id=W-xMPgAACAAJ},
  year={1995},
  publisher={San Val}
}
@inproceedings{almutairi2019usability,
  title={Usability and security analysis of the KeepKey wallet},
  author={Almutairi, Emad and Al-Megren, Shiroq},
  booktitle={2019 IEEE International Conference on Blockchain and Cryptocurrency (ICBC)},
  pages={149--153},
  year={2019},
  organization={IEEE}
}
@article{ritter1995transition,
  title={The transition from barter to fiat money},
  author={Ritter, Joseph A},
  journal={The American Economic Review},
  pages={134--149},
  year={1995},
  publisher={JSTOR}
}
@article{volotikin2018software,
  title={Software attacks on hardware wallets},
  author={Volotikin, Sergei},
  journal={Black Hat USA},
  year={2018}
}
@inproceedings{gkaniatsou2017low,
  title={Low-level attacks in bitcoin wallets},
  author={Gkaniatsou, Andriana and Arapinis, Myrto and Kiayias, Aggelos},
  booktitle={International Conference on Information Security},
  pages={233--253},
  year={2017},
  organization={Springer}
}
@article{ritter1995transition,
  title={The transition from barter to fiat money},
  author={Ritter, Joseph A},
  journal={The American Economic Review},
  pages={134--149},
  year={1995},
  publisher={JSTOR}
}
@book{acharya2009restoring,
  title={Restoring financial stability: how to repair a failed system},
  author={Acharya, Viral V and Richardson, Matthew P and others},
  volume={542},
  year={2009},
  publisher={John Wiley \& Sons}
}
@article{nakamoto2008bitcoin,
  title={Bitcoin: A peer-to-peer electronic cash system},
  author={Nakamoto, Satoshi},
  journal={Decentralized Business Review},
  pages={21260},
  year={2008}
}
@book{julie2020blockchain,
  title={Blockchain Technology: Fundamentals, Applications, and Case Studies},
  author={Julie, E Golden and Nayahi, J Jesu Vedha and Jhanjhi, Noor Zaman},
  year={2020},
  publisher={CRC Press}
}
@article{huhmo2018blockchain,
  title={Blockchain Technology: Bitcoin as a case},
  author={Huhmo, Mikko},
  year={2018},
  publisher={Oulun ammattikorkeakoulu}
}
@article{shaik2020securing,
  title={Securing Cryptocurrency Wallet Seed Phrase Digitally with Blind Key Encryption},
  author={Shaik, Cheman},
  journal={International Journal on Cryptography and Information Security (IJCIS)},
  volume={10},
  number={4},
  year={2020}
}
@inproceedings{ahamad2013survey,
  title={A survey on crypto currencies},
  author={Ahamad, Shaikshakeel and Nair, Madhusoodhnan and Varghese, Biju},
  booktitle={4th International Conference on Advances in Computer Science, AETACS},
  pages={42--48},
  year={2013},
  organization={Citeseer}
}
@article{dai2018sblwt,
  title={SBLWT: A secure blockchain lightweight wallet based on trustzone},
  author={Dai, Weiqi and Deng, Jun and Wang, Qinyuan and Cui, Changze and Zou, Deqing and Jin, Hai},
  journal={IEEE access},
  volume={6},
  pages={40638--40648},
  year={2018},
  publisher={IEEE}
}
@article{jokic2019comparative,
  title={Comparative analysis of cryptocurrency wallets vs traditional wallets},
  author={Joki{\'c}, Stevo and Cvetkovi{\'c}, Aleksandar Sandro and Adamovi{\'c}, Sa{\v{s}}a and Risti{\'c}, Nenad and Spalevi{\'c}, Petar},
  journal={Ekonomika},
  volume={65},
  number={3},
  pages={65--75},
  year={2019}
}
@inproceedings{suratkar2020cryptocurrency,
  title={Cryptocurrency wallet: A review},
  author={Suratkar, Saurabh and Shirole, Mahesh and Bhirud, Sunil},
  booktitle={2020 4th International Conference on Computer, Communication and Signal Processing (ICCCSP)},
  pages={1--7},
  year={2020},
  organization={IEEE}
}
@inproceedings{kocher1999differential,
  title={Differential power analysis},
  author={Kocher, Paul and Jaffe, Joshua and Jun, Benjamin},
  booktitle={Annual international cryptology conference},
  pages={388--397},
  year={1999},
  organization={Springer}
}
@inproceedings{san2019practical,
  title={Practical side-channel attack on a security device},
  author={San Pedro, Manuel and Servant, Victor and Guillemet, Charles},
  booktitle={2019 31st International Conference on Microelectronics (ICM)},
  pages={130--133},
  year={2019},
  organization={IEEE}
}
@article{timon2019non,
  title={Non-profiled deep learning-based side-channel attacks with sensitivity analysis},
  author={Timon, Benjamin},
  journal={IACR Transactions on Cryptographic Hardware and Embedded Systems},
  pages={107--131},
  year={2019}
}

@article{hospodar2011machine,
  title={Machine learning in side-channel analysis: a first study},
  author={Hospodar, Gabriel and Gierlichs, Benedikt and De Mulder, Elke and Verbauwhede, Ingrid and Vandewalle, Joos},
  journal={Journal of Cryptographic Engineering},
  volume={1},
  number={4},
  pages={293--302},
  year={2011},
  publisher={Springer}
}

@MISC{bufferoverflow,
author = {Trezor},
title = {Security updates in Trezor One firmware 1.6.2},
year = {June, 2018},
howpublished = {\url{https://blog.trezor.io/details-about-the-security-updates-intrezor-one-firmware-1-6-2-a3b25b668e98}}
}

@MISC{usbleak,
author = {Trezor},
title = {Security updates in Trezor One firmware 1.7.2},
year = {Dec. 2018},
howpublished = {\url{https://blog.trezor.io/details-about-the-security-updates-intrezor-one-firmware-1-7-2-3c97adbf121e}}
}

@MISC{keepkeystackoverflow,
author = {InvdBlog},
title = {Security updates in Keepkey firmware 7.1.0},
year = {Apr. 2021},
howpublished = {\url{https://blog.inhq.net/posts/keepkey-CVE-2021-31616/}}
}

@MISC{ledgerdata1,
author = {Ledger},
title = {Firmware 1.4: deep dive into three vulnerabilities which
have been fixed},
year = {Mar. 2018},
howpublished = {\url{https://www.ledger.com/firmware-1-4-deep-dive-security-fixes}}
}

@MISC{ledgerdata2,
author = {Riscure Team},
title = {Hacking the ultra-secure hardware cryptowallet},
year = {Aug. 2018},
howpublished = {\url{https://www.riscure.com/blog/hacking-ultra-secure-hardware-cryptowallet}}
}

@MISC{trezordata1,
author = {Trezor},
title = {Trezor one: Firmware update 1.6.3},
year = {Aug. 2018},
howpublished = {\url{https://blog.trezor.io/trezor-one-firmware-update-1-6-3-73894c0506d}}
}

@article{san2019side,
  title={Side-channel assessment of open source hardware wallets},
  author={San Pedro, Manuel and Servant, Victor and Guillemet, Charles},
  journal={Cryptology ePrint Archive},
  year={2019}
}

@inproceedings{arapinis2019formal,
  title={A formal treatment of hardware wallets},
  author={Arapinis, Myrto and Gkaniatsou, Andriana and Karakostas, Dimitris and Kiayias, Aggelos},
  booktitle={International Conference on Financial Cryptography and Data Security},
  pages={426--445},
  year={2019},
  organization={Springer}
}

@INPROCEEDINGS{9014007,
  author={Rezaeighaleh, Hossein and Zou, Cliff C.},
  booktitle={2019 IEEE Global Communications Conference (GLOBECOM)}, 
  title={New Secure Approach to Backup Cryptocurrency Wallets}, 
  year={2019},
  volume={},
  number={},
  pages={1-6},
  doi={10.1109/GLOBECOM38437.2019.9014007}
}
  
@inproceedings{das2019formal,
  title={A formal treatment of deterministic wallets},
  author={Das, Poulami and Faust, Sebastian and Loss, Julian},
  booktitle={Proceedings of the 2019 ACM SIGSAC Conference on Computer and Communications Security},
  pages={651--668},
  year={2019}
}

@MISC{hwmarketLeaders,
author = {Allied Market Research},
title = {Hardware Wallet Market Outlook - 2028},
year = {June, 2021},
howpublished = {\url{https://www.alliedmarketresearch.com/hardware-wallet-market-A11658}}
}

@inproceedings{dabrowski2021better,
  title={Better keep cash in your boots-hardware wallets are the new single point of failure},
  author={Dabrowski, Adrian and Pfeffer, Katharina and Reichel, Markus and Mai, Alexandra and Weippl, Edgar R and Franz, Michael},
  booktitle={Proceedings of the 2021 ACM CCS Workshop on Decentralized Finance and Security},
  pages={1--8},
  year={2021}
}

@inproceedings{pfeffer2021usability,
  title={On the usability of authenticity checks for hardware security tokens},
  author={Pfeffer, Katharina and Mai, Alexandra and Dabrowski, Adrian and Gusenbauer, Matthias and Schindler, Philipp and Weippl, Edgar and Franz, Michael and Krombholz, Katharina},
  booktitle={30th USENIX Security Symposium (USENIX Security 21)},
  pages={37--54},
  year={2021}
}
